@misc{mSharonHurleyHall2019,
    title = "How to Design a User Flow Diagram for Your Website",
    author = "Sharon Hurley, Hall",
    year = "2019",
    howpublished = {\href{https://optinmonster.com/how-to-design-a-user-flow-diagram-for-your-website/}{URL}},
    note = {Accessed: 01.03.2019}
}

@misc{mAndyCrestodina2018,
    title = "User Flow: Find the Top Path Through Your Website",
    author = "Andy, Crestodina",
    year = "2018",
    howpublished = {\href{https://www.orbitmedia.com/blog/user-flow-google-analytics/}{URL}},
    note = {Accessed: 01.03.2019}
}